<?xml version="1.0" encoding="UTF-8"?><record xmlns="http://www.loc.gov/MARC21/slim" xmlns:cinclude="http://apache.org/cocoon/include/1.0" xmlns:zs="http://www.loc.gov/zing/srw/">
  <leader>00569cz  a2200145n  4500</leader>
  <controlfield tag="001">n  85388858 </controlfield>
  <controlfield tag="003">DLC</controlfield>
  <controlfield tag="005">20080614080001.0</controlfield>
  <controlfield tag="008">860131n| acannaabn          |n aaa      </controlfield>
  <datafield tag="010" ind1=" " ind2=" ">
    <subfield code="a">n  85388858 </subfield>
  </datafield>
  <datafield tag="035" ind1=" " ind2=" ">
    <subfield code="a">(OCoLC)oca01522169</subfield>
  </datafield>
  <datafield tag="040" ind1=" " ind2=" ">
    <subfield code="a">DLC</subfield>
    <subfield code="b">eng</subfield>
    <subfield code="c">DLC</subfield>
    <subfield code="d">DLC</subfield>
    <subfield code="d">OCoLC</subfield>
  </datafield>
  <datafield tag="100" ind1="1" ind2=" ">
    <subfield code="a">Vroom, Peter Dumont,</subfield>
    <subfield code="d">1791-1873</subfield>
  </datafield>
  <datafield tag="670" ind1=" " ind2=" ">
    <subfield code="a">NUCMC data from Rutgers Univ. Lib. for Miscellaneous New Jersey manuscripts, 1810-1912</subfield>
    <subfield code="b">(Peter D. Vroom)</subfield>
  </datafield>
  <datafield tag="670" ind1=" " ind2=" ">
    <subfield code="a">NUCMC files</subfield>
    <subfield code="b">(Vroom, Peter Dumont, 1791-1873; lawyer, court reporter; Gov. N.J., 1829-32, 1833-36; Minister to Prussia, 1853-57)</subfield>
  </datafield>
</record>